<record><leader>00000cas a22000007a 4500</leader><controlfield tag="001">16766256</controlfield><controlfield tag="008">870928d192u196upauwr ne      0    0eng d</controlfield><datafield ind1=" " ind2=" " tag="010"><subfield code="a">sn 87080560 </subfield></datafield><datafield ind1=" " ind2=" " tag="040"><subfield code="a">NPH</subfield><subfield code="b">eng</subfield><subfield code="c">NPH</subfield><subfield code="d">OCLCQ</subfield></datafield><datafield ind1=" " ind2=" " tag="042"><subfield code="a">msc</subfield></datafield><datafield ind1="0" ind2="4" tag="245"><subfield code="a">The Mount Jewett echo.</subfield></datafield><datafield ind1="3" ind2="0" tag="246"><subfield code="a">Mt. Jewett echo</subfield></datafield><datafield ind1=" " ind2=" " tag="260"><subfield code="a">Mt. Jewett, Pa. :</subfield><subfield code="b">Harold K. Lundberg</subfield></datafield><datafield ind1=" " ind2=" " tag="300"><subfield code="a">v. :</subfield><subfield code="b">ill.</subfield></datafield><datafield ind1=" " ind2=" " tag="310"><subfield code="a">Weekly</subfield></datafield><datafield ind1=" " ind2=" " tag="588"><subfield code="a">Description based on: Vol. 2, no. 1 (Nov. 30, 1922).</subfield></datafield><datafield ind1=" " ind2=" " tag="752"><subfield code="a">United States</subfield><subfield code="b">Pennsylvania</subfield><subfield code="c">McKean</subfield><subfield code="d">Mount Jewett.</subfield></datafield><datafield ind1="0" ind2="7" tag="785"><subfield code="t">M'Kean County miner</subfield><subfield code="w">(DLC)sn 84026398</subfield></datafield><datafield ind1="0" ind2="7" tag="785"><subfield code="t">McKean County miner and Mount Jewett echo</subfield><subfield code="w">(DLC)sn 87080561</subfield></datafield></record>